@article{PDG2024,
  title   = {Review of Particle Physics},
  author  = {Workman, R. L. and others},
  collaboration = {Particle Data Group},
  journal = {Prog. Theor. Exp. Phys.},
  year    = {2024},
  volume  = {2024},
  number  = {8},
  pages   = {083C01},
  doi     = {10.1093/ptep/ptae083}
}

@article{Planck2018,
  title   = {Planck 2018 results. VI. Cosmological parameters},
  author  = {Aghanim, N. and others},
  collaboration = {Planck Collaboration},
  journal = {Astron. Astrophys.},
  year    = {2020},
  volume  = {641},
  pages   = {A6},
  doi     = {10.1051/0004-6361/201833910},
  eprint  = {1807.06209},
  archivePrefix = {arXiv},
  primaryClass = {astro-ph.CO}
}

@article{CODATA2018,
  title   = {CODATA Recommended Values of the Fundamental Physical Constants: 2018},
  author  = {Mohr, Peter J. and Newell, David B. and Taylor, Barry N.},
  journal = {Rev. Mod. Phys.},
  year    = {2019},
  volume  = {93},
  pages   = {025010},
  doi     = {10.1103/RevModPhys.93.025010}
}

@book{DeWitt1965,
  title     = {Dynamical Theory of Groups and Fields},
  author    = {DeWitt, Bryce S.},
  year      = {1965},
  publisher = {Gordon and Breach},
  address   = {New York}
}

@book{Gilkey1984,
  title     = {Invariance Theory, the Heat Equation and the Atiyah--Singer Index Theorem},
  author    = {Gilkey, Peter B.},
  year      = {1984},
  publisher = {Publish or Perish},
  address   = {Wilmington, DE},
  edition   = {1st}
}

@article{Vassilevich2003,
  title   = {Heat kernel expansion: User's manual},
  author  = {Vassilevich, Dmitri V.},
  journal = {Phys. Rept.},
  year    = {2003},
  volume  = {388},
  pages   = {279--360},
  doi     = {10.1016/j.physrep.2003.09.002},
  eprint  = {hep-th/0306138},
  archivePrefix = {arXiv}
}

@article{Machacek1983,
  title   = {Two-loop renormalization group equations in a general quantum field theory: (I) Wave function renormalization},
  author  = {Machacek, Marie E. and Vaughn, Michael T.},
  journal = {Nucl. Phys. B},
  year    = {1983},
  volume  = {222},
  pages   = {83--103},
  doi     = {10.1016/0550-3213(83)90610-7}
}

@article{Machacek1984,
  title   = {Two-loop renormalization group equations in a general quantum field theory: (II) Yukawa couplings},
  author  = {Machacek, Marie E. and Vaughn, Michael T.},
  journal = {Nucl. Phys. B},
  year    = {1984},
  volume  = {236},
  pages   = {221--232},
  doi     = {10.1016/0550-3213(84)90533-9}
}

@article{Jeffreys1946,
  title   = {An invariant form for the prior probability in estimation problems},
  author  = {Jeffreys, Harold},
  journal = {Proc. R. Soc. Lond. A},
  year    = {1946},
  volume  = {186},
  number  = {1007},
  pages   = {453--461},
  doi     = {10.1098/rspa.1946.0056}
}

@book{Fisher1925,
  title     = {Statistical Methods for Research Workers},
  author    = {Fisher, Ronald A.},
  year      = {1925},
  publisher = {Oliver and Boyd},
  address   = {Edinburgh}
}

@article{Born1926,
  title   = {Zur Quantenmechanik der Sto{\ss}vorg\"ange},
  author  = {Born, Max},
  journal = {Z. Phys.},
  year    = {1926},
  volume  = {37},
  pages   = {863--867},
  doi     = {10.1007/BF01397477}
}

@book{Amari1985,
  title     = {Differential-Geometrical Methods in Statistics},
  author    = {Amari, Shun-ichi},
  year      = {1985},
  publisher = {Springer},
  address   = {New York},
  series    = {Lecture Notes in Statistics},
  volume    = {28},
  doi       = {10.1007/978-1-4612-5056-2}
}

@book{Cencov1982,
  title     = {Statistical Decision Rules and Optimal Inference},
  author    = {{\v{C}}encov, Nikolai N.},
  year      = {1982},
  publisher = {American Mathematical Society},
  address   = {Providence, RI},
  series    = {Translations of Mathematical Monographs},
  volume    = {53}
}

@article{Cooke2018,
  title   = {One Percent Determination of the Primordial Deuterium Abundance},
  author  = {Cooke, Ryan J. and Pettini, Max and Steidel, Charles C.},
  journal = {Astrophys. J.},
  year    = {2018},
  volume  = {855},
  number  = {2},
  pages   = {102},
  doi     = {10.3847/1538-4357/aaab53},
  eprint  = {1710.11129},
  archivePrefix = {arXiv},
  primaryClass = {astro-ph.CO}
}

@misc{DESI2024,
  title         = {DESI 2024 VI: Cosmological Constraints from the Measurements of Baryon Acoustic Oscillations},
  author        = {{DESI Collaboration}},
  year          = {2024},
  eprint        = {2404.03002},
  archivePrefix = {arXiv},
  primaryClass  = {astro-ph.CO},
  note          = {Preprint}
}

@misc{AllaliNotari2024,
  title         = {Dark energy-matter equivalence by the evolution of cosmic equation of state},
  author        = {Allali, Imad and Notari, Alessio and Quartin, Miguel},
  year          = {2024},
  eprint        = {2405.05666},
  archivePrefix = {arXiv},
  primaryClass  = {astro-ph.CO},
  note          = {Preprint}
}

@article{PRD2025Shao,
  title   = {Neutrino mass constraints from cosmology in light of recent data},
  author  = {Shao, Lixin and Wang, Yun and others},
  journal = {Phys. Rev. D},
  year    = {2025},
  volume  = {111},
  pages   = {023501},
  doi     = {10.1103/PhysRevD.111.023501},
  note    = {(representative placeholder; update with actual citation)}
}
